@misc{hadoop,
  title = {Apache Hadoop},
  howpublished = {\url{http://hadoop.apache.org/}},
  note = {last access: 01.10.2014}
}
@article{dean2008mapreduce,
  title={MapReduce: simplified data processing on large clusters},
  author={Dean, Jeffrey and Ghemawat, Sanjay},
  journal={Communications of the ACM},
  volume={51},
  number={1},
  pages={107--113},
  year={2008},
  publisher={ACM}
}
@inproceedings{vavilapalli2013apache,
  title={Apache hadoop yarn: Yet another resource negotiator},
  author={Vavilapalli, Vinod Kumar and Murthy, Arun C and Douglas, Chris and Agarwal, Sharad and Konar, Mahadev and Evans, Robert and Graves, Thomas and Lowe, Jason and Shah, Hitesh and Seth, Siddharth and others},
  booktitle={Proceedings of the 4th annual Symposium on Cloud Computing},
  pages={5},
  year={2013},
  organization={ACM}
}
@misc{storm,
  title = {Apache Storm},
  howpublished = {\url{https://storm.apache.org/}},
  note = {last access: 01.10.2014}
}
@misc{spark,
  title = {Apache Spark},
  howpublished = {\url{https://spark.apache.org/}},
  note = {last access: 01.10.2014}
}
@inproceedings{zaharia2012resilient,
  title={Resilient distributed datasets: A fault-tolerant abstraction for in-memory cluster computing},
  author={Zaharia, Matei and Chowdhury, Mosharaf and Das, Tathagata and Dave, Ankur and Ma, Justin and McCauley, Murphy and Franklin, Michael J and Shenker, Scott and Stoica, Ion},
  booktitle={Proceedings of the 9th USENIX conference on Networked Systems Design and Implementation},
  pages={2--2},
  year={2012},
  organization={USENIX Association}
}
@misc{oozie,
  title = {Apache Oozie},
  howpublished = {\url{http://oozie.apache.org/}},
  note = {last access: 01.10.2014}
}
@article{alexander2005history,
  title={On the history of combinatorial optimization (till 1960)},
  author={Alexander, S},
  journal={Handbooks in Operations Research and Management Science: Discrete Optimization},
  volume={12},
  pages={1},
  year={2005},
  publisher={Elsevier}
}
@book{ehrgott2005multicriteria,
  title={Multicriteria optimization},
  author={Ehrgott, Matthias},
  volume={2},
  year={2005},
  publisher={Springer}
}
@book{yang2010nature,
  title={Nature-inspired metaheuristic algorithms},
  author={Yang, Xin-She},
  year={2010},
  publisher={Luniver press}
}
@book{sivanandam2008genetic,
  title={Genetic Algorithm Optimization Problems},
  author={Sivanandam, SN and Deepa, SN},
  year={2008},
  publisher={Springer}
}
@incollection{kennedy2010particle,
  title={Particle swarm optimization},
  author={Kennedy, James},
  booktitle={Encyclopedia of Machine Learning},
  pages={760--766},
  year={2010},
  publisher={Springer}
}
@incollection{dorigo2010ant,
  title={Ant colony optimization},
  author={Dorigo, Marco and Birattari, Mauro},
  booktitle={Encyclopedia of Machine Learning},
  pages={36--39},
  year={2010},
  publisher={Springer}
}
@inproceedings{durillo2008study,
  title={A study of master-slave approaches to parallelize NSGA-II},
  author={Durillo, Juan Jos{\'e} and Nebro, Antonio J and Luna, Francisco and Alba, Enrique},
  booktitle={Parallel and Distributed Processing, 2008. IPDPS 2008. IEEE International Symposium on},
  pages={1--8},
  year={2008},
  organization={IEEE}
}
@article{deb2002fast,
  title={A fast and elitist multiobjective genetic algorithm: NSGA-II},
  author={Deb, Kalyanmoy and Pratap, Amrit and Agarwal, Sameer and Meyarivan, TAMT},
  journal={Evolutionary Computation, IEEE Transactions on},
  volume={6},
  number={2},
  pages={182--197},
  year={2002},
  publisher={IEEE}
}
% Hadoop
@inproceedings{ghemawat2003google,
  title={The Google file system},
  author={Ghemawat, Sanjay and Gobioff, Howard and Leung, Shun-Tak},
  booktitle={ACM SIGOPS Operating Systems Review},
  volume={37},
  number={5},
  pages={29--43},
  year={2003},
  organization={ACM}
}
@misc{hdfs-ha-qjm,
  title = {HDFS high availability using the Quorum Journal Manager},
  howpublished = {\url{http://hadoop.apache.org/docs/current/hadoop-project-dist/hadoop-hdfs/HDFSHighAvailabilityWithQJM.html}},
  note = {last access: 12.11.2014}
}
@misc{hdfs-ha-nfs,
  title = {HDFS high availability using NFS},
  howpublished = {\url{http://hadoop.apache.org/docs/current/hadoop-project-dist/hadoop-hdfs/HDFSHighAvailabilityWithNFS.html}},
  note = {last access: 12.11.2014}
}
@misc{yarn-ha,
  title = {YARN high availability},
  howpublished = {\url{http://hadoop.apache.org/docs/current/hadoop-yarn/hadoop-yarn-site/ResourceManagerHA.html}},
  note = {last access: 13.11.2014}
}
@misc{oozie-hue,
  title = {Oozie Hue},
  howpublished = {\url{http://gethue.com/category/oozie/}},
  note = {last access: 26.12.2014}
}
@misc{biohadoop,
  title = {Biohadoop},
  howpublished = {\url{https://github.com/gappc/biohadoop}},
  note = {last access: 15.12.2014}
}
@misc{bioworker-python,
  title = {Example worker for Biohadoop, written in Python},
  howpublished = {\url{https://github.com/gappc/bioworker-python}},
  note = {last access: 22.09.2014}
}
@misc{bioworker-browser,
  title = {Example worker for Biohadoop, written in JavaScript},
  howpublished = {\url{https://github.com/gappc/bioworker-browser}},
  note = {last access: 22.09.2014}
}
@misc{kryo,
  title = {Kryo},
  howpublished = {\url{https://github.com/EsotericSoftware/kryo}},
  note = {last access: 04.08.2014}
}
@misc{zookeeper,
  title = {ZooKeeper},
  howpublished = {\url{http://zookeeper.apache.org/}},
  note = {last access: 05.09.2014}
}
@misc{netty,
  title = {Netty},
  howpublished = {\url{http://netty.io/}},
  note = {last access: 19.11.2014}
}
@misc{jvm-serializers,
  title = {Comparison of JVM serializers},
  howpublished = {\url{https://github.com/eishay/jvm-serializers/wiki}},
  note = {last access: 27.11.2014}
}
@misc{maven,
  title = {Maven},
  howpublished = {\url{http://maven.apache.org/}},
  note = {last access: 11.09.2014}
}
@misc{docker,
  title = {Docker},
  howpublished = {\url{https://www.docker.com/}},
  note = {last access: 11.09.2014}
}
@article{zitzler2000comparison,
  title={Comparison of multiobjective evolutionary algorithms: Empirical results},
  author={Zitzler, Eckart and Deb, Kalyanmoy and Thiele, Lothar},
  journal={Evolutionary computation},
  volume={8},
  number={2},
  pages={173--195},
  year={2000},
  publisher={MIT Press}
}
@article{deb2000efficient,
  title={An efficient constraint handling method for genetic algorithms},
  author={Deb, Kalyanmoy},
  journal={Computer methods in applied mechanics and engineering},
  volume={186},
  number={2},
  pages={311--338},
  year={2000},
  publisher={Elsevier}
}
@inproceedings{wolfe1989more,
  title={More iteration space tiling},
  author={Wolfe, Michael},
  booktitle={Proceedings of the 1989 ACM/IEEE conference on Supercomputing},
  pages={655--664},
  year={1989},
  organization={ACM}
}
@misc{iftop,
  title = {iftop},
  howpublished = {\url{http://www.ex-parrot.com/pdw/iftop/}},
  note = {last access: 08.12.2014}
}
@misc{docker-sequenceiq,
  title = {docker-biohadoop},
  howpublished = {\url{https://index.docker.io/u/sequenceiq/hadoop-docker/}},
  note = {last access: 03.06.2014}
}